@article{pialla2023time,
  title={Time series adversarial attacks: an investigation of smooth perturbations and defense approaches},
  author={Pialla, Gautier and Ismail Fawaz, Hassan and Devanne, Maxime and Weber, Jonathan and Idoumghar, Lhassane and Muller, Pierre-Alain and Bergmeir, Christoph and Schmidt, Daniel F and Webb, Geoffrey I and Forestier, Germain},
  journal={International Journal of Data Science and Analytics},
  pages={1--11},
  year={2023},
  publisher={Springer}
}

@article{vivek2020regularizers,
  title={Regularizers for single-step adversarial training},
  author={Vivek, BS and Babu, R Venkatesh},
  journal={arXiv preprint arXiv:2002.00614},
  year={2020}
}
